% Bibliography of key references for "LaTeX for Thesis and Large Documents"
% For use with BibTeX
%% EXAMPLES %%
@book{goossens.book,
	author =	"Michel Goossens and Frank Mittelbach and 
			 Alexander Samarin",
	title =		"The \LaTeX\ Companion",
	year = 		"1994",
	publisher =	"Addison-Wesley",
	address = 	"Reading, Massachusetts"
}

@book{knuth.book,
        author =        "Donald Knuth",
        title =         "The \TeX book",
        year =          "1986",
        publisher =     "Addison-Wesley",
        address =       "Reading, Massachusetts"
}

@book{lamport.book,
	author =        "Leslie Lamport",
	title =         "\LaTeX\ --- A Document Preparation System",
        edition =       "Second",
	year = 		"1994",
	publisher = 	"Addison-Wesley",
	address =       "Reading, Massachusetts"
}

%% REAL %%
@phdthesis{lefebvre_thesis,
	address = {Montreal, Canada},
	type = {{PhD} {Dissertation}},
	title = {Characterization studies of small-strip {Thin} {Gap} {Chambers} for the {ATLAS} {Upgrade}},
	language = {English},
	school = {McGill University},
	author = {Lefebvre, Benoit},
	year = {2018}
}

@article{lefebvre_precision_2020,
	title = {Precision survey of the readout strips of small-strip {Thin} {Gap} {Chambers} using {X}-rays for the muon spectrometer upgrade of the {ATLAS} experiment},
	volume = {15},
	issn = {1748-0221},
	url = {https://iopscience.iop.org/article/10.1088/1748-0221/15/07/C07013},
	doi = {10.1088/1748-0221/15/07/C07013},
	language = {en},
	number = {07},
	urldate = {2021-02-01},
	journal = {Journal of Instrumentation},
	author = {Lefebvre, B.},
	month = jul,
	year = {2020},
	pages = {C07013--C07013},
}
