@inproceedings{Sauli:117989,
      author        = "Sauli, F.",
      title         = "{Principles of operation of multiwire proportional and
                       drift chambers}",
      booktitle	    = "{Cern Yellow Reports: Monographs}",
      organization  = "CERN",
      publisher     = "CERN",
      address       = "Geneva",
      pages         = "92 p",
      year          = "1977",
      url           = "http://cds.cern.ch/record/117989",
      note          = "CERN, Geneva, 1975 - 1976",
      doi           = "10.5170/CERN-1977-009",
}

@inproceedings{dainese_physics_2018,
	title = {The physics potential of {HL}-{LHC}},
	url = {https://indico.cern.ch/event/765096/contributions/3295995/},
	booktitle = {Input to the {European} {Particle} {Physics} {Strategy} {Update}},
	author = {Dainese, A. and others},
	month = nov,
	year = {2018},
}