@misc{hl-lhc_plan_picture_website,
    author= {{HiLumi HL-LHC Project}},
    title = {{LHC}/{HL-LHC} Plan (last update January 2021)},
    note  = {\url{https://hilumilhc.web.cern.ch/content/hl-lhc-project}, 
             last accessed on 2021-09-09},
}

@misc{atlas_luminosity_run2,
	type = {Twiki},
	title = {{ATLAS} luminosity public results run-2},
	note = {\url{https://twiki.cern.ch/twiki/bin/view/AtlasPublic/LuminosityPublicResultsRun2} last accessed on 2021-09-20},
	month = jul,
	year = {2015},
}

% Title field not displayed
@misc{atlas_luminosity_run1,
	type = {Twiki},
	title = {{ATLAS} luminosity public results run-1},
	note = {\url{https://twiki.cern.ch/twiki/bin/view/AtlasPublic/LuminosityPublicResults} last accessed on 2021-09-20},
	month = mar,
	year = {2011},
}

@misc{atlas_public_web_sm,
	type = {Twiki},
	title = {Standard {Model} {Summary} {Plots} {June} 2021},
	month = jun,
	year = {2021},
	shorttitle = {{ATL}-{PHYS}-{PUB}-2021-032},
	note = {\url{https://atlas.web.cern.ch/Atlas/GROUPS/PHYSICS/PUBNOTES/ATL-PHYS-PUB-2021-032/} last accessed on 2021-09-30},
}

@misc{galbraith_ux_2013,
	title = {{UX}: {Standard} {Model} of the {Standard} {Model}},
    note = {\url{http://davidgalbraith.org/portfolio/ux-standard-model-of-the-standard-model/} last accessed on 2021-09-30},
	author = {Galbraith, D. and Burgard, C.},
	month = nov,
	year = {2013},
}
