@phdthesis{lefebvre_thesis,
	address = {Montreal, Canada},
	type = {{PhD} {thesis}},
	title = {Characterization studies of small-strip {Thin} {Gap} {Chambers} for the {ATLAS} {Upgrade}},
	language = {English},
	school = {McGill University},
	author = {Lefebvre, B.},
	year = {2018},
}

@phdthesis{carlson_results_2019,
	type = {{M.Sc.} thesis},
	address = {Victoria, Canada},
	title = {Results of the 2018 {ATLAS} {sTGC} test beam and internal strip alignment of {sTGC} detectors},
	copyright = {Available to the World Wide Web},
	url = {https://dspace.library.uvic.ca/handle/1828/10973},
	language = {en},
	urldate = {2021-05-12},
	school = {University of Victoria},
	author = {Carlson, E.M.},
	year = {2019},
}

@phdthesis{chen_calibration_2019,
	address = {Montreal, Canada},
	title = {Calibration {Studies} of the {Front}-{End} {Electronics} for the {ATLAS} {New} {Small} {Wheel} {Project}},
	school = {McGill University},
	author = {Chen, B.},
	year = {2019},
	type = {{M.Sc.} thesis},
}