% Uniform dist sampling 1/sqrt(12)
@inproceedings{Sauli:117989,
      author        = "Sauli, F.",
      title         = "{Principles of operation of multiwire proportional and
                       drift chambers}",
      booktitle	    = "{Cern Yellow Reports: Monographs}",
      organization  = "CERN",
      publisher     = "CERN",
      address       = "Geneva",
      year          = "1977",
      url           = "http://cds.cern.ch/record/117989",
      note          = "CERN, Geneva, 1975 - 1976",
      doi           = "10.5170/CERN-1977-009",
}

@article{cepeda_report_2018,
      author        = "Cepeda, M. and others",
      title         = "{Report from Working Group 2: Higgs Physics at the HL-LHC and HE-LHC}",
      journal       = "CERN Yellow Reports Monographs",
      reportNumber  = "CERN-LPCC-2018-04",
      volume        = "7",
      pages         = "221-584. 364 p",
      month         = "Dec",
      year          = "2018",
      url           = "https://cds.cern.ch/record/2650162",
      doi           = "10.23731/CYRM-2019-007.221",
}

@book{bruning_lhc_2004,
      author        = {{Br\"{u}ning}, O.S. and others},
      title         = "{LHC Design Report}",
	  institution = {CERN},
      address       = "Geneva",
      series        = "CERN Yellow Reports: Monographs",
      year          = "2004",
      url           = "https://cds.cern.ch/record/782076",
      doi           = "10.5170/CERN-2004-003-V-1",
}