
@article{endo_systematic_1981,
	title = {Systematic shifts of evaluated charge centroid for the cathode read-out multiwire proportional chamber},
	volume = {188},
	issn = {01675087},
	url = {https://linkinghub.elsevier.com/retrieve/pii/0029554X81903190},
	doi = {10.1016/0029-554X(81)90319-0},
	language = {en},
	number = {1},
	urldate = {2021-06-21},
	journal = {Nuclear Instruments and Methods in Physics Research},
	author = {Endo, Ichita and Kawamoto, Tatsuo and Mizuno, Yoshinari and Ohsugi, Takashi and Taniguchi, Takashi and Takeshita, Tohru},
	month = sep,
	year = {1981},
	pages = {51--58}
}
