
@article{lefebvre_precision_2020,
	title = {Precision survey of the readout strips of small-strip {Thin} {Gap} {Chambers} using {X}-rays for the muon spectrometer upgrade of the {ATLAS} experiment},
	volume = {15},
	issn = {1748-0221},
	url = {https://iopscience.iop.org/article/10.1088/1748-0221/15/07/C07013},
	doi = {10.1088/1748-0221/15/07/C07013},
	language = {en},
	number = {07},
	urldate = {2021-02-01},
	journal = {Journal of Instrumentation},
	author = {Lefebvre, B.},
	month = jul,
	year = {2020},
	pages = {C07013--C07013},
	file = {Lefebvre - 2020 - Precision survey of the readout strips of small-st.pdf:C\:\\Users\\User\\Zotero\\storage\\MPQRVB28\\Lefebvre - 2020 - Precision survey of the readout strips of small-st.pdf:application/pdf}
}
