
@phdthesis{lefebvre_characterization_2018,
	address = {Montreal, Canada},
	type = {{PhD} {Dissertation}},
	title = {Characterization studies of small-strip {Thin} {Gap} {Chambers} for the {ATLAS} {Upgrade}},
	language = {English},
	school = {McGill University},
	author = {Lefebvre, Benoit},
	year = {2018}
}
